@inproceedings{origin,
  author    = {unknown},
  title     = {HUST Beamer Theme},
  year      = {2025},
  url       = {http://far.tooold.cn/post/latex/beamertsinghua},
}